@book{Whittaker1927,
    title = {{A course of modern analysis}},
    year = {1927},
    author = {Whittaker, E.T. and Watson, G.N.},
    edition = {4th},
    pages = {608},
    publisher = {Cambridge University Press},
    url = {http://gen.lib.rus.ec/book/index.php?md5=E88A4F39B0F798D27E0FBAE93E2F6EF4},
    isbn = {0521091896}
}

@article{Pipek1989a,
    title = {{A fast intrinsic localization procedure applicable for ab initio and semiempirical linear combination of atomic orbital wave functions}},
    year = {1989},
    journal = {The Journal of Chemical Physics},
    author = {Pipek, János and Mezey, Paul G},
    number = {9},
    month = {1},
    pages = {1521--4916},
    volume = {90},
    publisher = {AIP Publishing},
    url = {http://scitation.aip.org/content/aip/journal/jcp/90/9/10.1063/1.456588 papers3://publication/doi/10.1063/1.456588}
}

@article{Knowles1987a,
    title = {{A separable method for the calculation of dispersion and induction energy damping functions with applications to the dimers arising from He, Ne and HF}},
    year = {1987},
    journal = {Molecular Physics},
    author = {Knowles, Peter J. and Meath, William J.},
    number = {5},
    month = {4},
    pages = {1143--1158},
    volume = {60},
    publisher = {Taylor and Francis},
    url = {http://www.tandfonline.com/doi/abs/10.1080/00268978700100761 papers2://publication/doi/10.1080/00268978700100761},
    doi = {10.1080/00268978700100761},
    issn = {0026-8976}
}

@article{Kreek1969,
    title = {{Charge‐Overlap Effects. Dispersion and Induction Forces}},
    year = {1969},
    journal = {The Journal of Chemical Physics},
    author = {Kreek, H. and Meath, William J.},
    number = {6},
    month = {3},
    pages = {2289--2302},
    volume = {50},
    url = {http://aip.scitation.org/doi/10.1063/1.1671379},
    doi = {10.1063/1.1671379},
    issn = {0021-9606}
}

@article{Stone1985,
    title = {{Distributed multipole analysis}},
    year = {1985},
    journal = {Molecular Physics},
    author = {Stone, A.J. and Alderton, M.},
    number = {5},
    month = {12},
    pages = {1047--1064},
    volume = {56},
    url = {http://www.tandfonline.com/doi/abs/10.1080/00268978500102891},
    doi = {10.1080/00268978500102891},
    issn = {0026-8976}
}

@article{Stone1981,
    title = {{Distributed multipole analysis, or how to describe a molecular charge distribution}},
    year = {1981},
    journal = {Chemical Physics Letters},
    author = {Stone, A J},
    number = {2},
    month = {10},
    pages = {233--239},
    volume = {83},
    publisher = {Elsevier},
    url = {http://linkinghub.elsevier.com/retrieve/pii/0009261481854528 papers3://publication/doi/10.1016/0009-2614(81)85452-8}
}

@article{Stone2005,
    title = {{Distributed Multipole Analysis: Stability for Large Basis Sets.}},
    year = {2005},
    journal = {Journal of chemical theory and computation},
    author = {Stone, Anthony J},
    number = {6},
    month = {11},
    pages = {1128--32},
    volume = {1},
    url = {https://pubs.acs.org/doi/abs/10.1021/ct050190%2B},
    isbn = {S1549-9618(05)00190-6},
    doi = {10.1021/ct050190+},
    issn = {1549-9618},
    pmid = {26631656}
}

@article{Misquitta2014a,
    title = {{Distributed Multipoles from a Robust Basis-Space Implementation of the Iterated Stockholder Atoms Procedure}},
    year = {2014},
    journal = {Journal of Chemical Theory and Computation},
    author = {Misquitta, Alston J and Stone, Anthony J and Fazeli, Farhang},
    number = {12},
    month = {12},
    pages = {5405--5418},
    volume = {10},
    url = {https://pubs.acs.org/sharingguidelines http://pubs.acs.org/doi/10.1021/ct5008444},
    isbn = {0148-0227},
    doi = {10.1021/ct5008444},
    issn = {1549-9618},
    arxivId = {arXiv:1409.5875v1}
}

@article{Kendall1992,
    title = {{Electron affinities of the first-row atoms revisited. Systematic basis sets}},
    year = {1992},
    journal = {The Journal of Chemical Physics},
    author = {Kendall, Rick A and Dunning Jr, Thom H and Harrison, Robert J},
    number = {9},
    pages = {6796--6806},
    volume = {96},
    publisher = {American Institute of Physics},
    url = {http://140.123.79.88/~ppmpk/paper/28-b.pdf papers2://publication/uuid/28AC9748-6944-469D-AE56-C216B1F0A2CE}
}

@article{Kendall1992a,
    title = {{Electron affinities of the first‐row atoms revisited. Systematic basis sets and wave functions}},
    year = {1992},
    journal = {The Journal of Chemical Physics},
    author = {Kendall, Rick A. and Dunning, Thom H. and Harrison, Robert J.},
    number = {9},
    month = {5},
    pages = {6796--6806},
    volume = {96},
    publisher = {American Institute of Physics},
    url = {http://dx.doi.org/10.1063/1.462569 http://aip.scitation.org/toc/jcp/96/9 http://aip.scitation.org/doi/10.1063/1.462569},
    doi = {10.1063/1.462569},
    issn = {0021-9606},
    keywords = {ACCURACY, AFFINITY, ANIONS, ATOMS, BORON, CARBON, CONFIGURATION INTERACTION, COUPLING, FLUORINE, HYDROGEN, MOLECULES, OXYGEN, QUANTUM CHEMISTRY, WAVE FUNCTIONS}
}

@article{Knizia2015,
    title = {{Electron flow in reaction mechanisms--revealed from first principles.}},
    year = {2015},
    journal = {Angewandte Chemie International Edition},
    author = {Knizia, Gerald and Klein, Johannes E M N},
    number = {18},
    month = {4},
    pages = {5518--5522},
    volume = {54},
    publisher = {John Wiley {\&} Sons},
    url = {http://doi.wiley.com/10.1002/anie.201410637 papers3://publication/doi/10.1002/anie.201410637},
    address = {Institut f{\"{u}}r Theoretische Chemie, Universit{\"{a}}t Stuttgart, Pfaffenwaldring 55, 70569 Stuttgart (Germany); Present address: Department of Chemistry, Pennsylvania State University, 401A Chemistry Bldg; University Park, PA 16802 (USA). knizia@psu.edu.}
}

@article{DunningJr1989a,
    title = {{Gaussian basis sets for use in correlated molecular calculations. I. The atoms boron through neon and hydrogen}},
    year = {1989},
    journal = {The Journal of Chemical Physics},
    author = {Dunning Jr, Thom H},
    number = {2},
    month = {1},
    pages = {1007--1023},
    volume = {90},
    publisher = {AIP Publishing},
    url = {http://scitation.aip.org/content/aip/journal/jcp/90/2/10.1063/1.456153 papers3://publication/doi/10.1063/1.456153}
}

@article{Stone2008,
    title = {{Intermolecular Potentials}},
    year = {2008},
    journal = {Science},
    author = {Stone, Anthony J},
    number = {5890},
    month = {8},
    pages = {787--789},
    volume = {321},
    publisher = {American Association for the Advancement of Science},
    url = {http://www.ncbi.nlm.nih.gov/pubmed/18687950 http://www.sciencemag.org/cgi/doi/10.1126/science.1158006},
    doi = {10.1126/science.1158006},
    issn = {0036-8075},
    pmid = {18687950}
}

@article{Knizia2013,
    title = {{Intrinsic Atomic Orbitals: An Unbiased Bridge between Quantum Theory and Chemical Concepts}},
    year = {2013},
    journal = {Journal of Chemical Theory and Computation},
    author = {Knizia, Gerald},
    number = {11},
    month = {11},
    pages = {4834--4843},
    volume = {9},
    url = {http://pubs.acs.org/doi/abs/10.1021/ct400687b},
    doi = {10.1021/ct400687b},
    issn = {1549-9618}
}

@article{Knowles1986a,
    title = {{Non-expanded dispersion and induction energies, and damping functions, for molecular interactions with application to HF-He}},
    year = {1986},
    journal = {Molecular Physics},
    author = {Knowles, Peter J. and Meath, William J.},
    number = {5},
    pages = {965--984},
    volume = {59},
    publisher = {Taylor and Francis},
    url = {http://www.tandfonline.com/doi/abs/10.1080/00268978600102511 papers2://publication/doi/10.1080/00268978600102511},
    doi = {10.1080/00268978600102511},
    issn = {13623028 00268976}
}

@article{Knowles1986,
    title = {{Non-expanded dispersion energies and damping functions for Ar2 and Li2}},
    year = {1986},
    journal = {Chemical Physics Letters},
    author = {Knowles, Peter J. and Meath, William J.},
    number = {2},
    month = {2},
    pages = {164--171},
    volume = {124},
    publisher = {Elsevier},
    url = {http://www.sciencedirect.com/science/article/pii/0009261486851375 papers2://publication/doi/10.1016/0009-2614(86)85137-5 http://linkinghub.elsevier.com/retrieve/pii/0009261486851375},
    doi = {10.1016/0009-2614(86)85137-5},
    issn = {00092614}
}

@article{Piecuch1985,
    title = {{Note on the multipole expansion in the spherical tensor form}},
    year = {1985},
    journal = {Journal of Physics A: Mathematical and General},
    author = {Piecuch, P.},
    number = {13},
    pages = {L739-L743},
    volume = {18},
    doi = {10.1088/0305-4470/18/13/001},
    issn = {13616447}
}

@article{Jeziorski1994,
    title = {{Perturbation Theory Approach to Intermolecular Potential Energy Surfaces of van der Waals Complexes}},
    year = {1994},
    journal = {Chemical Reviews},
    author = {Jeziorski, Bogumil and Moszynski, Robert and Szalewicz, Krzysztof},
    number = {7},
    month = {11},
    pages = {1887--1930},
    volume = {94},
    url = {http://pubs.acs.org/doi/abs/10.1021/cr00031a008},
    isbn = {0009-2665},
    doi = {10.1021/cr00031a008},
    issn = {0009-2665},
    pmid = {23126692}
}

@article{Ingold1934,
    title = {{Principles of an Electronic Theory of Organic Reactions.}},
    year = {1934},
    journal = {Chemical Reviews},
    author = {Ingold, Christopher K},
    number = {2},
    month = {10},
    pages = {225--274},
    volume = {15},
    publisher = {American Chemical Society },
    url = {http://pubs.acs.org/doi/abs/10.1021/cr60051a003 papers3://publication/doi/10.1021/cr60051a003}
}

@article{Tough1977,
    title = {{Properties of the regular and irregular solid harmonics}},
    year = {1977},
    journal = {Journal of Physics A: Mathematical and General},
    author = {Tough, R J A and Stone, A. J.},
    number = {8},
    month = {8},
    pages = {1261--1269},
    volume = {10},
    url = {http://stacks.iop.org/0305-4470/10/i=8/a=004?key=crossref.3dbffc5c5e0bdcac96677caed48ebe65},
    doi = {10.1088/0305-4470/10/8/004},
    issn = {0305-4470}
}

@article{Lillestolen2008a,
    title = {{Redefining the atom: atomic charge densities produced by an iterative stockholder approach}},
    year = {2008},
    journal = {Chemical Communications},
    author = {Lillestolen, Timothy C. and Wheatley, Richard J.},
    number = {45},
    pages = {5909},
    volume = {7345},
    url = {http://xlink.rsc.org/?DOI=b812691g},
    isbn = {1359-7345},
    doi = {10.1039/b812691g},
    issn = {1359-7345},
    pmid = {19030535}
}

@article{Koide1981a,
    title = {{Second order charge overlap effects and damping functions for isotropic atomic and molecular interactions}},
    year = {1981},
    journal = {Chemical Physics},
    author = {Koide, A and Meath, William J. and Allnatt, A.R.},
    number = {1},
    month = {6},
    pages = {105--119},
    volume = {58},
    url = {http://adsabs.harvard.edu/abs/1981CP.....58..105K papers3://publication/uuid/87A6D904-6C41-4143-9188-3A0064F0AF63 http://linkinghub.elsevier.com/retrieve/pii/0301010481800493},
    doi = {10.1016/0301-0104(81)80049-3},
    issn = {03010104}
}

@article{Hehre1969,
    title = {{Self‐Consistent Molecular‐Orbital Methods. I. Use of Gaussian Expansions of Slater‐Type Atomic Orbitals}},
    year = {1969},
    journal = {The Journal of Chemical Physics},
    author = {Hehre, W. J. and Stewart, R. F. and Pople, J. A.},
    number = {6},
    month = {9},
    pages = {2657--2664},
    volume = {51},
    publisher = {American Institute of Physics},
    url = {http://aip.scitation.org/doi/10.1063/1.1672392},
    doi = {10.1063/1.1672392},
    issn = {0021-9606}
}

@article{Ruedenberg1962a,
    title = {{The Physical Nature of the Chemical Bond}},
    year = {1962},
    journal = {Reviews of Modern Physics},
    author = {Ruedenberg, Klaus},
    number = {2},
    month = {4},
    pages = {326--376},
    volume = {34},
    publisher = {APS},
    url = {http://link.aps.org/doi/10.1103/RevModPhys.34.326 papers3://publication/doi/10.1103/RevModPhys.34.326}
}

@book{Stone2013,
    title = {{The Theory of Intermolecular Forces}},
    year = {2013},
    author = {Stone, Anthony},
    edition = {2nd},
    pages = {339},
    publisher = {Oxford University Press},
    url = {http://www.oxfordscholarship.com/view/10.1093/acprof:oso/9780199672394.001.0001/acprof-9780199672394},
    isbn = {9780199672394},
    doi = {10.1093/acprof:oso/9780199672394.001.0001},
    issn = {978-0-19-855883-5},
    pmid = {25052830},
    arxivId = {arXiv:1011.1669v3}
}

@article{Tang1984AnCoefficients,
    title = {{An improved simple model for the van der Waals potential based on universal damping functions for the dispersion coefficients}},
    year = {1984},
    journal = {The Journal of Chemical Physics},
    author = {Tang, K. T. and Toennies, J. Peter},
    number = {8},
    month = {4},
    pages = {3726--3741},
    volume = {80},
    publisher = {American Institute of Physics},
    url = {http://aip.scitation.org/doi/10.1063/1.447150},
    doi = {10.1063/1.447150},
    issn = {0021-9606},
    keywords = {ARGON, DIMERS, HELIUM, INTERATOMIC FORCES, LITHIUM, MERCURY, POTASSIUM, SODIUM, VAN DER WAALS FORCES}
}

@article{Bondi1964VanRadii,
    title = {{van der Waals Volumes and Radii}},
    year = {1964},
    journal = {The Journal of Physical Chemistry},
    author = {Bondi, A.},
    number = {3},
    month = {3},
    pages = {441--451},
    volume = {68},
    publisher = {American Chemical Society},
    url = {http://pubs.acs.org/doi/abs/10.1021/j100785a001},
    doi = {10.1021/j100785a001},
    issn = {0022-3654}
}